<?xml version="1.0" encoding="UTF-8"?><record xmlns="http://www.loc.gov/MARC21/slim" xmlns:cinclude="http://apache.org/cocoon/include/1.0" xmlns:zs="http://www.loc.gov/zing/srw/">
  <leader>00305nz  a2200121n  4500</leader>
  <controlfield tag="001">n  93098371 </controlfield>
  <controlfield tag="003">DLC</controlfield>
  <controlfield tag="005">19931006131059.7</controlfield>
  <controlfield tag="008">931006n| acannaab|          |n aaa |||  </controlfield>
  <datafield tag="010" ind1=" " ind2=" ">
    <subfield code="a">n  93098371 </subfield>
  </datafield>
  <datafield tag="040" ind1=" " ind2=" ">
    <subfield code="a">DLC</subfield>
    <subfield code="c">DLC</subfield>
  </datafield>
  <datafield tag="100" ind1="1" ind2="0">
    <subfield code="a">Ndatshe, Vivienne</subfield>
  </datafield>
  <datafield tag="670" ind1=" " ind2=" ">
    <subfield code="a">Going for gold, c1994:</subfield>
    <subfield code="b">CIP t.p. (Vivienne Ndatshe)</subfield>
  </datafield>
</record>